% Encoding: UTF-8
@INPROCEEDINGS{7371862,
author={B. Morgan and É. Alata and V. Nicomette and M. Kâaniche and G. 
Averlant},
booktitle={2015 IEEE 21st Pacific Rim International Symposium on Dependable 
Computing (PRDC)},
title={Design and Implementation of a Hardware Assisted Security Architecture 
for Software Integrity Monitoring},
year={2015},
volume={},
number={},
pages={189-198},
keywords={security of data;software architecture;hardware assisted security 
architecture;integrity checks;security hypervisor;software integrity 
monitoring;trusted hardware component;Computer architecture;Hardware;Program 
processors;Security;Virtual machine monitors;Virtual machining;Security 
architecture;hardware components;integrity monitoring},
doi={10.1109/PRDC.2015.46},
ISSN={},
month={Nov},}

@InProceedings{Dewan:2008:HSP:1400549.1400685,
  author    = {Dewan, Prashant and Durham, David and Khosravi, Hormuzd and 
  Long, Men and Nagabhushan, Gayathri},
  title     = {A Hypervisor-based System for Protecting Software Runtime Memory 
  and Persistent Storage},
  booktitle = {Proceedings of the 2008 Spring Simulation Multiconference},
  year      = {2008},
  series    = {SpringSim '08},
  pages     = {828--835},
  address   = {San Diego, CA, USA},
  publisher = {Society for Computer Simulation International},
  acmid     = {1400685},
  isbn      = {1-56555-319-5},
  keywords  = {computer security, hypervisor, performance evaluation, runtime 
  memory, virtual machine monitor},
  location  = {Ottawa, Canada},
  numpages  = {8},
  url       = {http://dl.acm.org/citation.cfm?id=1400549.1400685},
}

@InProceedings{Feng:2008:SMC:1517494.1517497,
  author    = {Feng, Wu-chang and Kaiser, Ed and Schluessler, Travis},
  title     = {Stealth Measurements for Cheat Detection in On-line Games},
  booktitle = {Proceedings of the 7th ACM SIGCOMM Workshop on Network and 
  System Support for Games},
  year      = {2008},
  series    = {NetGames '08},
  pages     = {15--20},
  address   = {New York, NY, USA},
  publisher = {ACM},
  acmid     = {1517497},
  doi       = {10.1145/1517494.1517497},
  isbn      = {978-1-60558-132-3},
  location  = {Worcester, Massachusetts},
  numpages  = {6},
  url       = {http://doi.acm.org/10.1145/1517494.1517497},
}

@Misc{evenbalance,
  author = {Evenbalance},
  title  = {PunkBuster},
  year   = {2017},
  note   = {Last visit on 13 Nov 2017},
  url    = {http://www.evenbalance.com/pbsetup.php},
}

@Misc{rijndael128GCM,
  author = {Intel},
  title  = {Rijndael AES-GCM encryption API},
  year   = {2018},
  note   = {Last visit on 10 Mar 2017},
  url    = {https://software.intel.com/en-us/node/709139},
}

@Article{hoglund2006hacking,
  author  = {Hoglund, G},
  title   = {Hacking world of warcraft: An exercise in advanced rootkit design},
  journal = {Black Hat},
  year    = {2006},
}

@Misc{vac,
  author = {Valve},
  title  = {Valve Anti-Cheat System (VAC)},
  year   = {2017},
  note   = {Last visit 13 Nov 2017},
  url    = {https://support.steampowered.com/kb\_article.php?p\_faqid=370},
}

@Misc{arm-trustzone,
  author = {ARM},
  title  = {ARM TrustZone},
  year   = {2017},
  url    = {https://www.arm.com/products/security-on-arm/trustzone},
}

@Misc{tpm-isoosi,
  author = {ISO},
  title  = {ISO/IEC 11889-1:2015},
  year   = {2015},
  note   = {Last visit 13 Nov 2017},
  url    = {https://www.iso.org/standard/66510.html},
}

@InProceedings{anati2013innovative,
  author    = {Anati, Ittai and Gueron, Shay and Johnson, Simon and Scarlata, 
  Vincent},
  title     = {Innovative technology for CPU based attestation and sealing},
  booktitle = {Proceedings of the 2nd international workshop on hardware and 
  architectural support for security and privacy},
  year      = {2013},
  volume    = {13},
}

@Article{lie2000architectural,
  author    = {Lie, David and Thekkath, Chandramohan and Mitchell, Mark and 
  Lincoln, Patrick and Boneh, Dan and Mitchell, John and Horowitz, Mark},
  title     = {Architectural support for copy and tamper resistant software},
  journal   = {ACM SIGPLAN Notices},
  year      = {2000},
  volume    = {35},
  number    = {11},
  pages     = {168--177},
  publisher = {ACM},
}

@InProceedings{costan2016sanctum,
  author    = {Costan, Victor and Lebedev, Ilia A and Devadas, Srinivas},
  title     = {Sanctum: Minimal Hardware Extensions for Strong Software 
  Isolation.},
  booktitle = {USENIX Security Symposium},
  year      = {2016},
  pages     = {857--874},
}

@Article{suh2007aegis,
  author    = {Suh, G Edward and O'Donnell, Charles W and Devadas, Srinivas},
  title     = {Aegis: A single-chip secure processor},
  journal   = {IEEE Design \& Test of Computers},
  year      = {2007},
  volume    = {24},
  number    = {6},
  publisher = {IEEE},
}

@inproceedings{champagne2010scalable,
  title={Scalable architectural support for trusted software},
  author={Champagne, David and Lee, Ruby B},
  booktitle={High Performance Computer Architecture (HPCA), 2010 IEEE 16th 
  International Symposium on},
  pages={1--12},
  year={2010},
  organization={IEEE}
}

@article{baumann2015shielding,
  title={Shielding applications from an untrusted cloud with haven},
  author={Baumann, Andrew and Peinado, Marcus and Hunt, Galen},
  journal={ACM Transactions on Computer Systems (TOCS)},
  volume={33},
  number={3},
  pages={8},
  year={2015},
  publisher={ACM}
}

@inproceedings{lind2017glamdring,
  title={Glamdring: Automatic application partitioning for Intel SGX},
  author={Lind, Joshua and Priebe, Christian and Muthukumaran, Divya and 
  O’Keeffe, Dan and Aublin, Pierre-Louis and Kelbert, Florian and Reiher, 
  Tobias and Goltzsche, David and Eyers, David and Kapitza, R{\"u}diger and 
  others},
  booktitle={Proceedings of the USENIX Annual Technical Conference (ATC)},
  pages={24},
  year={2017}
}

@inproceedings{arnautov2016scone,
  title={SCONE: Secure Linux Containers with Intel SGX.},
  author={Arnautov, Sergei and Trach, Bohdan and Gregor, Franz and Knauth, 
  Thomas and Martin, Andre and Priebe, Christian and Lind, Joshua and 
  Muthukumaran, Divya and O'Keeffe, Dan and Stillwell, Mark and others},
  booktitle={OSDI},
  pages={689--703},
  year={2016}
}

@inproceedings{horne2001dynamic,
  title={Dynamic self-checking techniques for improved tamper resistance},
  author={Horne, Bill and Matheson, Lesley and Sheehan, Casey and Tarjan, 
  Robert E},
  booktitle={ACM Workshop on Digital Rights Management},
  pages={141--159},
  year={2001},
  organization={Springer}
}


@inproceedings{tsai2017graphene,
  title={Graphene-SGX: A practical library OS for unmodified applications on 
  SGX},
  author={Tsai, Chia-Che and Porter, Donald E and Vij, Mona},
  booktitle={Proceedings of the 2017 USENIX Annual Technical Conference, Santa 
  Clara, CA},
  year={2017}
}

@inproceedings{schuster2015vc3,
  title={VC3: Trustworthy data analytics in the cloud using SGX},
  author={Schuster, Felix and Costa, Manuel and Fournet, C{\'e}dric and 
  Gkantsidis, Christos and Peinado, Marcus and Mainar-Ruiz, Gloria and 
  Russinovich, Mark},
  booktitle={Security and Privacy (SP), 2015 IEEE Symposium on},
  pages={38--54},
  year={2015},
  organization={IEEE}
}

@inproceedings{porter2011rethinking,
  title={Rethinking the library OS from the top down},
  author={Porter, Donald E and Boyd-Wickizer, Silas and Howell, Jon and 
  Olinsky, Reuben and Hunt, Galen C},
  booktitle={ACM SIGPLAN Notices},
  volume={46},
  number={3},
  pages={291--304},
  year={2011},
  organization={ACM}
}

@Misc{doubleanget,
  author = {Cybellum Technologies LTD},
  title  = {Double Agent},
  month  = mar,
  year   = {2017},
  note   = {Laste visit 15 Nov 2017},
  url    = {https://github.com/Cybellum/DoubleAgent},
}

@InProceedings{ghosh2010secure,
  author       = {Ghosh, Sudeep and Hiser, Jason D and Davidson, Jack W},
  title        = {A secure and robust approach to software tamper resistance},
  booktitle    = {International Workshop on Information Hiding},
  year         = {2010},
  pages        = {33--47},
  organization = {Springer},
}

@Misc{hacklicense,
  author    = {onhax.me},
  title     = {Bypass license in Android},
  year      = {2017},
  note      = {Last visit on 15 Nov 2017},
  url       = {https://onhax.me/bypass-license-verification-failed},
}

@Misc{janusdrm,
  author = {Windows},
  title  = {Windows Media DRM 10 (Janus)},
  year   = {2012},
  note   = {Last visit on 15 Nov 2017},
  url    = {http://www.samsung.com/ca/support/skp/faq/20189},
}

@InProceedings{banescu2017detecting,
  author       = {Banescu, Sebastian and Ahmadvand, Mohsen and Pretschner, 
  Alexander and Shield, Robert and Hamilton, Chris},
  title        = {Detecting Patching of Executables without System Calls},
  booktitle    = {Proceedings of the Seventh ACM on Conference on Data and 
  Application Security and Privacy},
  year         = {2017},
  pages        = {185--196},
  organization = {ACM},
}

@Article{collberg2002watermarking,
  author    = {Collberg, Christian S. and Thomborson, Clark},
  title     = {Watermarking, tamper-proofing, and obfuscation-tools for 
  software protection},
  journal   = {IEEE Transactions on software engineering},
  year      = {2002},
  volume    = {28},
  number    = {8},
  pages     = {735--746},
  publisher = {IEEE},
}

@Misc{microsoftcfg,
  author    = {Microsoft},
  title     = {Control Flow Guard (CFG)},
  year      = {2015},
  note      = {Last visit on 28 Nov 2017},
  url       = 
  {https://msdn.microsoft.com/en-us/library/windows/desktop/mt637065(v=vs.85).aspx}
}

@inproceedings{tice2014enforcing,
  title={Enforcing Forward-Edge Control-Flow Integrity in GCC \& LLVM.},
  author={Tice, Caroline and Roeder, Tom and Collingbourne, Peter and 
  Checkoway, Stephen and Erlingsson, {\'U}lfar and Lozano, Luis and Pike, 
  Geoff},
  booktitle={USENIX Security Symposium},
  pages={941--955},
  year={2014}
}

@inproceedings{onarlioglu2010g,
  title={G-Free: defeating return-oriented programming through gadget-less 
  binaries},
  author={Onarlioglu, Kaan and Bilge, Leyla and Lanzi, Andrea and Balzarotti, 
  Davide and Kirda, Engin},
  booktitle={Proceedings of the 26th Annual Computer Security Applications 
  Conference},
  pages={49--58},
  year={2010},
  organization={ACM}
}

@inproceedings{wang2010hypersafe,
  title={Hypersafe: A lightweight approach to provide lifetime hypervisor 
  control-flow integrity},
  author={Wang, Zhi and Jiang, Xuxian},
  booktitle={Security and Privacy (SP), 2010 IEEE Symposium on},
  pages={380--395},
  year={2010},
  organization={IEEE}
}

@inproceedings{abadi2005control,
  title={Control-flow integrity},
  author={Abadi, Mart{\'\i}n and Budiu, Mihai and Erlingsson, Ulfar and 
  Ligatti, Jay},
  booktitle={Proceedings of the 12th ACM conference on Computer and 
  communications security},
  pages={340--353},
  year={2005},
  organization={ACM}
}

@inproceedings{zhang2013control,
  title={Control Flow Integrity for COTS Binaries.},
  author={Zhang, Mingwei and Sekar, R},
  booktitle={USENIX Security Symposium},
  pages={337--352},
  year={2013}
}

@inproceedings{davi2014stitching,
  title={Stitching the Gadgets: On the Ineffectiveness of Coarse-Grained 
  Control-Flow Integrity Protection.},
  author={Davi, Lucas and Sadeghi, Ahmad-Reza and Lehmann, Daniel and Monrose, 
  Fabian},
  booktitle={USENIX Security Symposium},
  volume={2014},
  year={2014}
}

@inproceedings{lee2017hacking,
  title={Hacking in darkness: Return-oriented programming against secure 
  enclaves},
  author={Lee, Jaehyuk and Jang, Jinsoo and Jang, Yeongjin and Kwak, Nohyun and 
  Choi, Yeseul and Choi, Changho and Kim, Taesoo and Peinado, Marcus and Kang, 
  Brent Byunghoon},
  booktitle={USENIX Security},
  pages={523--539},
  year={2017}
}

@book{nagra2009surreptitious,
  title={Surreptitious software: obfuscation, watermarking, and tamperproofing 
  for software protection},
  author={Nagra, Jasvir and Collberg, Christian},
  year={2009},
  publisher={Pearson Education}
}

@inproceedings{brumley2004privtrans,
  title={Privtrans: Automatically partitioning programs for privilege 
  separation},
  author={Brumley, David and Song, Dawn},
  booktitle={USENIX Security Symposium},
  pages={57--72},
  year={2004}
}

@inproceedings{singaravelu2006reducing,
  title={Reducing TCB complexity for security-sensitive applications: Three 
  case studies},
  author={Singaravelu, Lenin and Pu, Calton and H{\"a}rtig, Hermann and 
  Helmuth, Christian},
  booktitle={ACM SIGOPS Operating Systems Review},
  volume={40},
  number={4},
  pages={161--174},
  year={2006},
  organization={ACM}
}

@inproceedings{smith2006refactoring,
  title={Refactoring programs to secure information flows},
  author={Smith, Scott F and Thober, Mark},
  booktitle={Proceedings of the 2006 workshop on Programming languages and 
  analysis for security},
  pages={75--84},
  year={2006},
  organization={ACM}
}

@article{biondi2006silver,
  title={Silver needle in the Skype},
  author={Biondi, Philippe and Desclaux, Fabrice},
  journal={Black Hat Europe},
  volume={6},
  pages={25--47},
  year={2006}
}

@inproceedings{viticchie2016reactive,
  title={Reactive Attestation: Automatic Detection and Reaction to Software 
  Tampering Attacks},
  author={Viticchi{\'e}, Alessio and Basile, Cataldo and Avancini, Andrea and 
  Ceccato, Mariano and Abrath, Bert and Coppens, Bart},
  booktitle={Proceedings of the 2016 ACM Workshop on Software PROtection},
  pages={73--84},
  year={2016},
  organization={ACM}
}

@misc{helbig1998trusted,
  title={Trusted computer system},
  author={Helbig Sr, Walter Allen},
  year={1998},
  month=nov # "~24",
  publisher={Google Patents},
  note={US Patent 5,841,868}
}

@article{costan2016intel,
  title={Intel SGX Explained.},
  author={Costan, Victor and Devadas, Srinivas},
  journal={IACR Cryptology ePrint Archive},
  volume={2016},
  pages={86},
  year={2016}
}

@inproceedings{ibrahim2016stins4cs,
  title={StIns4CS: A State Inspection Tool for C},
  author={Ibrahim, Amjad and Banescu, Sebastian},
  booktitle={Proceedings of the 2016 ACM Workshop on Software PROtection},
  pages={61--71},
  year={2016},
  organization={ACM}
}

@inproceedings{chen2016advanced,
  title={Advanced or not? A comparative study of the use of anti-debugging and 
  anti-VM techniques in generic and targeted malware},
  author={Chen, Ping and Huygens, Christophe and Desmet, Lieven and Joosen, 
  Wouter},
  booktitle={IFIP International Information Security and Privacy Conference},
  pages={323--336},
  year={2016},
  organization={Springer}
}

@article{banescu2017tutorial,
  title={A tutorial on software obfuscation},
  author={Banescu, Sebastian and Pretschner, Alexander},
  journal={Advances in Computers},
  year={2017},
  publisher={Elsevier}
}

@inproceedings{chang2001protecting,
  title={Protecting software code by guards},
  author={Chang, Hoi and Atallah, Mikhail J},
  booktitle={Digital Rights Management Workshop},
  volume={2320},
  pages={160--175},
  year={2001},
  organization={Springer}
}

@article{rozas2013intel,
  title={Intel{\textregistered} Software Guard Extensions 
  (Intel{\textregistered} SGX)},
  author={Rozas, Carlos},
  year={2013},
  publisher={Citeseer}
}

@incollection{ugarte2016rambo,
  title={Rambo: Run-time packer analysis with multiple branch observation},
  author={Ugarte-Pedrero, Xabier and Balzarotti, Davide and Santos, Igor and 
  Bringas, Pablo G},
  booktitle={Detection of Intrusions and Malware, and Vulnerability Assessment},
  pages={186--206},
  year={2016},
  publisher={Springer}
}

@Misc{radare,
  author    = {Pancake},
  title     = {Radare},
  year      = {2006},
  note      = {Last visit on 30 Nov 2017},
  url       = {www.radare.org}
}

@inproceedings{zheng2017opaque,
  title={Opaque: An Oblivious and Encrypted Distributed Analytics Platform.},
  author={Zheng, Wenting and Dave, Ankur and Beekman, Jethro G and Popa, Raluca 
  Ada and Gonzalez, Joseph E and Stoica, Ion},
  booktitle={NSDI},
  pages={283--298},
  year={2017}
}

@Misc{sgxnodebug,
  author    = {Intel},
  title     = {Intel SGX: Debug, Production, Pre-release what's the 
  difference?},
  year      = {2016},
  note      = {Last visit on 30 Nov 2017},
  url       = 
  {https://software.intel.com/en-us/blogs/2016/01/07/intel-sgx-debug-production-prelease-whats-the-difference}
}

@Misc{sgxremoteatt,
  author    = {Intel},
  title     = {Remote (Inter-Platform) Attestation},
  year      = {2016},
  note      = {Last visit on 6 Dec 2017},
  url       = {https://software.intel.com/en-us/node/702984},
}

@inproceedings{shih2017t,
  title={T-SGX: Eradicating controlled-channel attacks against enclave 
  programs},
  author={Shih, Ming-Wei and Lee, Sangho and Kim, Taesoo and Peinado, Marcus},
  booktitle={Proceedings of the 2017 Annual Network and Distributed System 
  Security Symposium (NDSS), San Diego, CA},
  year={2017}
}

@article{swami2017intel,
  title={Intel SGX Remote Attestation is not sufficient},
  author={Swami, Yogesh},
  year={2017}
}

@inproceedings{mangard2017malware,
  title={Malware Guard Extension: Using SGX to Conceal Cache Attacks},
  author={Mangard, Stefan},
  booktitle={Detection of Intrusions and Malware, and Vulnerability Assessment: 
  14th International Conference, DIMVA 2017, Bonn, Germany, July 6-7, 2017, 
  Proceedings},
  volume={10327},
  pages={3},
  year={2017},
  organization={Springer}
}

@inproceedings{seo2017sgx,
  title={SGX-Shield: Enabling address space layout randomization for SGX 
  programs},
  author={Seo, Jaebaek and Lee, Byounyoung and Kim, Seongmin and Shih, Ming-Wei 
  and Shin, Insik and Han, Dongsu and Kim, Taesoo},
  booktitle={Proceedings of the 2017 Annual Network and Distributed System 
  Security Symposium (NDSS), San Diego, CA},
  year={2017}
}

@misc{moller2012static,
  title={Static program analysis},
  author={M{\o}ller, Anders and Schwartzbach, Michael I},
  year={2012},
  publisher={Department oi" Computer Science Aarhus University, Denmark}
}

@inproceedings{Bao:2014:SAT:2666141.2666142,
 author = {Bao, Chongxi and Srivastava, Ankur},
 title = {A Secure Algorithm for Task Scheduling Against Side-channel Attacks},
 booktitle = {Proceedings of the 4th International Workshop on Trustworthy 
 Embedded Devices},
 series = {TrustED '14},
 year = {2014},
 isbn = {978-1-4503-3149-4},
 location = {Scottsdale, Arizona, USA},
 pages = {3--12},
 numpages = {10},
 url = {http://doi.acm.org/10.1145/2666141.2666142},
 doi = {10.1145/2666141.2666142},
 acmid = {2666142},
 publisher = {ACM},
 address = {New York, NY, USA},
 keywords = {embedded systems, hardware security, side-channel attacks, task 
 scheduling},
}

@INPROCEEDINGS{5958048,
author={D. Gullasch and E. Bangerter and S. Krenn},
booktitle={2011 IEEE Symposium on Security and Privacy},
title={Cache Games -- Bringing Access-Based Cache Attacks on AES to Practice},
year={2011},
volume={},
number={},
pages={490-505},
keywords={Linux;cache storage;cryptography;AES block cipher;AES-128;CFS;OpenS 
SL 0.9.8n;access-based cache attacks;advanced encryption standard;cache 
games;cryptographic systems;current Linux systems;denial of service 
attack;memory location leakage;side channel attacks;task 
scheduler;Cryptography;Linux;Matrices;Memory management;Monitoring;Random 
access memory;AES;access-based cache attacks;side channel},
doi={10.1109/SP.2011.22},
ISSN={1081-6011},
month={May},}

@inproceedings{graziano2016subverting,
  title={Subverting Operating System Properties Through Evolutionary DKOM 
  Attacks},
  author={Graziano, Mariano and Flore, Lorenzo and Lanzi, Andrea and 
  Balzarotti, Davide},
  booktitle={International Conference on Detection of Intrusions and Malware, 
  and Vulnerability Assessment},
  pages={3--24},
  year={2016},
  organization={Springer}
}

@book{checkoway2013iago,
  title={Iago attacks: Why the system call api is a bad untrusted rpc 
  interface},
  author={Checkoway, Stephen and Shacham, Hovav},
  volume={41},
  number={1},
  year={2013},
  publisher={ACM}
}

@inproceedings{Abera:2016:CCA:2976749.2978358,
 author = {Abera, Tigist and Asokan, N. and Davi, Lucas and Ekberg, Jan-Erik 
 and Nyman, Thomas and Paverd, Andrew and Sadeghi, Ahmad-Reza and Tsudik, Gene},
 title = {C-FLAT: Control-Flow Attestation for Embedded Systems Software},
 booktitle = {Proceedings of the 2016 ACM SIGSAC Conference on Computer and 
 Communications Security},
 series = {CCS '16},
 year = {2016},
 isbn = {978-1-4503-4139-4},
 location = {Vienna, Austria},
 pages = {743--754},
 numpages = {12},
 url = {http://doi.acm.org/10.1145/2976749.2978358},
 doi = {10.1145/2976749.2978358},
 acmid = {2978358},
 publisher = {ACM},
 address = {New York, NY, USA},
 keywords = {control-flow attacks, embedded system security, remote 
 attestation},
}

@misc{diversig,
  author = {Microsoft},
  title  = {Driver Signing},
  year   = {2017},
  note   = {Last visit on 02 Mar 2018},
  url    = 
  {https://docs.microsoft.com/en-us/windows-hardware/drivers/install/driver-signing},
}

@inproceedings{zhou2007efficient,
  title={Efficient and high-throughput implementations of AES-GCM on FPGAs},
  author={Zhou, Gang and Michalik, Harald and Hinsenkamp, Laszlo},
  booktitle={Field-Programmable Technology, 2007. ICFPT 2007. International 
  Conference on},
  pages={185--192},
  year={2007},
  organization={IEEE}
}

@article{uhlig2005intel,
  title={Intel virtualization technology},
  author={Uhlig, Rich and Neiger, Gil and Rodgers, Dion and Santoni, Amy L and 
  Martins, Fernando CM and Anderson, Andrew V and Bennett, Steven M and Kagi, 
  Alain and Leung, Felix H and Smith, Larry},
  journal={Computer},
  volume={38},
  number={5},
  pages={48--56},
  year={2005},
  publisher={IEEE}
}

@ARTICLE{8269390,
author={J. Li and X. Tong and F. Zhang and J. Ma},
journal={IEEE Transactions on Information Forensics and Security},
title={Fine-CFI: Fine-Grained Control-Flow Integrity for Operating System 
Kernels},
year={2018},
volume={13},
number={6},
pages={1535-1550},
keywords={flow graphs;Linux;operating system kernels;program compilers;program 
diagnostics;public domain software;security of data;source code 
(software);fine-grained control-flow integrity;control transfer;control-flow 
graph;fine-grained CFI;field-sensitive pointer analysis;control data;kernel 
code-reuse attacks;operating system kernels;Fine-CFI;compiler-based 
prototype;Linux 3.14 kernel;open-source gadget-finding 
tool;Kernel;Safety;Prototypes;Linux;Security;Aerospace electronics;Control-flow 
integrity;kernel protection;fine-grained;intrusion prevention},
doi={10.1109/TIFS.2018.2797932},
ISSN={1556-6013},
month={June},}

@inproceedings{snow2013just,
  title={Just-in-time code reuse: On the effectiveness of fine-grained address 
  space layout randomization},
  author={Snow, Kevin Z and Monrose, Fabian and Davi, Lucas and Dmitrienko, 
  Alexandra and Liebchen, Christopher and Sadeghi, Ahmad-Reza},
  booktitle={Security and Privacy (SP), 2013 IEEE Symposium on},
  pages={574--588},
  year={2013},
  organization={IEEE}
}

@article{AKHUNZADA201544,
title = "Man-At-The-End attacks: Analysis, taxonomy, human aspects, motivation 
and future directions",
journal = "Journal of Network and Computer Applications",
volume = "48",
pages = "44 - 57",
year = "2015",
issn = "1084-8045",
doi = "https://doi.org/10.1016/j.jnca.2014.10.009",
url = "http://www.sciencedirect.com/science/article/pii/S1084804514002379",
author = "Adnan Akhunzada and Mehdi Sookhak and Nor Badrul Anuar and Abdullah 
Gani and Ejaz Ahmed and Muhammad Shiraz and Steven Furnell and Amir Hayat and 
Muhammad Khurram Khan",
keywords = "Man-At-The-End, Software protection, Information security, Digital 
rights management, Digital assets, Distributed software systems"
}

@Misc{cfslinux,
  author = {Kernel.org},
  title  = {CFS Scheduler},
  year   = {2018},
  note   = {Last visit on 20 Aug 2018},
  url    = 
  {https://www.kernel.org/doc/Documentation/scheduler/sched-design-CFS.txt},
}

@Comment{jabref-meta: databaseType:bibtex;}

% Encoding: UTF-8
@article{barrosopraise,
	title={In Praise of Computer Architecture: A Quantitative Approach Fourth 
	Edition},
	author={Barroso, Luiz Andr{\'e}}
}

@techreport{cooper2002building,
	title={Building a control-flow graph from scheduled assembly code},
	author={Cooper, Keith D and Harvey, Timothy J and Waterman, Todd},
	year={2002}
}
@Misc{cvereport,
	title = {Common Vulnerabilities and Exposures (CVE)},
	year  = {2018},
	note  = {Last access March 2018},
	url   = {https://cve.mitre.org/index.html},
}

@inproceedings{abera2016c,
	title={C-FLAT: control-flow attestation for embedded systems software},
	author={Abera, Tigist and Asokan, N and Davi, Lucas and Ekberg, Jan-Erik 
	and Nyman, Thomas and Paverd, Andrew and Sadeghi, Ahmad-Reza and Tsudik, 
	Gene},
	booktitle={Proceedings of the 2016 ACM SIGSAC Conference on Computer and 
	Communications Security},
	pages={743--754},
	year={2016},
	organization={ACM}
}

@inproceedings{Ge:2017:GGC:3037697.3037716,
	author = {Ge, Xinyang and Cui, Weidong and Jaeger, Trent},
	title = {GRIFFIN: Guarding Control Flows Using Intel Processor Trace},
	booktitle = {Proceedings of the Twenty-Second International Conference on 
	Architectural Support for Programming Languages and Operating Systems},
	series = {ASPLOS '17},
	year = {2017},
	isbn = {978-1-4503-4465-4},
	location = {Xi'an, China},
	pages = {585--598},
	numpages = {14},
	url = {http://doi.acm.org/10.1145/3037697.3037716},
	doi = {10.1145/3037697.3037716},
	acmid = {3037716},
	publisher = {ACM},
	address = {New York, NY, USA},
	keywords = {control-flow integrity, intel processor trace},
}

@article{Stallings:2002:AES:763194.763196,
	author = {Stallings, William},
	title = {The Advanced Encryption Standard},
	journal = {Cryptologia},
	issue_date = {July 2002},
	volume = {26},
	number = {3},
	month = jul,
	year = {2002},
	issn = {0161-1194},
	pages = {165--188},
	numpages = {24},
	url = {http://dx.doi.org/10.1080/0161-110291890876},
	doi = {10.1080/0161-110291890876},
	acmid = {763196},
	publisher = {Taylor \& Francis, Inc.},
	address = {Bristol, PA, USA},
	keywords = {advanced Encryption standard, block cipher, symmetric cipher},
}

@Inbook{Aumasson2014,
	author="Aumasson, Jean-Philippe
	and Meier, Willi
	and Phan, Raphael C.-W.
	and Henzen, Luca",
	title="BLAKE2",
	bookTitle="The Hash Function BLAKE",
	year="2014",
	publisher="Springer Berlin Heidelberg",
	address="Berlin, Heidelberg",
	pages="165--183",
	abstract="BLAKE2 is a successor of BLAKE, designed in fall 2012---after 
	Keccak was chosen as SHA3---by Jean-Philippe Aumasson, Samuel Neves, Zooko 
	Wilcox-O'Hearn, and ChristianWinnerlein. (The project partly stems from 
	Twitter discussions, where the authors are respectively @veorq, @sevenps, 
	@zooko, and @codesinchaos.) BLAKE2 was engineered to leverage BLAKE's high 
	efficiency and security, and to optimize it for modern applications, with 
	simplicity and usability as primary considerations.",
	isbn="978-3-662-44757-4",
	doi="10.1007/978-3-662-44757-4_9",
	url="https://doi.org/10.1007/978-3-662-44757-4_9"
}


@inproceedings{seo2017sgx,
	title={SGX-Shield: Enabling Address Space Layout Randomization for SGX 
	Programs.},
	author={Seo, Jaebaek and Lee, Byoungyoung and Kim, Seong Min and Shih, 
	Ming-Wei and Shin, Insik and Han, Dongsu and Kim, Taesoo},
	booktitle={NDSS},
	year={2017}
}

@inproceedings{zeitouni2017atrium,
	title={Atrium: Runtime attestation resilient under memory attacks},
	author={Zeitouni, Shaza and Dessouky, Ghada and Arias, Orlando and 
	Sullivan, Dean and Ibrahim, Ahmad and Jin, Yier and Sadeghi, Ahmad-Reza},
	booktitle={Proceedings of the 36th International Conference on 
	Computer-Aided Design},
	pages={384--391},
	year={2017},
	organization={IEEE Press}
}

@inproceedings{dessouky2017fat,
	title={LO-FAT: Low-Overhead Control Flow ATtestation in Hardware},
	author={Dessouky, Ghada and Zeitouni, Shaza and Nyman, Thomas and Paverd, 
	Andrew and Davi, Lucas and Koeberl, Patrick and Asokan, N and Sadeghi, 
	Ahmad-Reza},
	booktitle={Design Automation Conference (DAC), 2017 54th ACM/EDAC/IEEE},
	pages={1--6},
	year={2017},
	organization={IEEE}
}

@inproceedings{kil2006address,
	title={Address space layout permutation (ASLP): Towards fine-grained 
	randomization of commodity software},
	author={Kil, Chongkyung and Jun, Jinsuk and Bookholt, Christopher and Xu, 
	Jun and Ning, Peng},
	booktitle={Computer Security Applications Conference, 2006. ACSAC'06. 22nd 
	Annual},
	pages={339--348},
	year={2006},
	organization={IEEE}
}

@inproceedings{anati2013innovative,
	title={Innovative technology for CPU based attestation and sealing},
	author={Anati, Ittai and Gueron, Shay and Johnson, Simon and Scarlata, 
	Vincent},
	booktitle={Proceedings of the 2nd international workshop on hardware and 
	architectural support for security and privacy},
	volume={13},
	year={2013},
	organization={ACM New York, NY, USA}
}

@inproceedings{baratloo2000transparent,
	title={Transparent run-time defense against stack-smashing attacks.},
	author={Baratloo, Arash and Singh, Navjot and Tsai, Timothy K and others},
	booktitle={USENIX Annual Technical Conference, General Track},
	pages={251--262},
	year={2000}
}

@misc{smith1997stack,
	title={Stack smashing vulnerabilities in the UNIX operating system},
	author={Smith, Nathan P},
	year={1997},
	publisher={Citeseer}
}

@article{costan2016intel,
	title={Intel SGX Explained.},
	author={Costan, Victor and Devadas, Srinivas},
	journal={IACR Cryptology ePrint Archive},
	volume={2016},
	pages={86},
	year={2016}
}

@inproceedings{winter2008trusted,
	title={Trusted computing building blocks for embedded linux-based ARM 
	trustzone platforms},
	author={Winter, Johannes},
	booktitle={Proceedings of the 3rd ACM workshop on Scalable trusted 
	computing},
	pages={21--30},
	year={2008},
	organization={ACM}
}

@article{guide2010amazon,
	title={Amazon Elastic Load Balancing},
	author={Guide, Developer},
	year={2010},
	publisher={Citeseer}
}

@book{wilder2012cloud,
	title={Cloud architecture patterns: using microsoft azure},
	author={Wilder, Bill},
	year={2012},
	publisher={" O'Reilly Media, Inc."}
}

@inproceedings{athanasakis2015devil,
	title={The Devil is in the Constants: Bypassing Defenses in Browser JIT 
	Engines.},
	author={Athanasakis, Michalis and Athanasopoulos, Elias and Polychronakis, 
	Michalis and Portokalidis, Georgios and Ioannidis, Sotiris},
	booktitle={NDSS},
	year={2015}
}

@misc{litchfield2003defeating,
	title={Defeating the stack based buffer overflow prevention mechanism of 
	microsoft windows 2003 server},
	author={Litchfield, David},
	year={2003}
}

@inproceedings{carlini2014rop,
	title={ROP is Still Dangerous: Breaking Modern Defenses.},
	author={Carlini, Nicholas and Wagner, David},
	booktitle={USENIX Security Symposium},
	pages={385--399},
	year={2014}
}

@article{wang2018trusted,
	title={A trusted measurement model based on dynamic policy and privacy 
	protection in IaaS security domain},
	author={Wang, Liangming and Liu, Fagui},
	journal={EURASIP Journal on Information Security},
	volume={2018},
	number={1},
	pages={1},
	year={2018},
	publisher={Nature Publishing Group}
}

@inproceedings{gu2008remote,
	title={Remote attestation on program execution},
	author={Gu, Liang and Ding, Xuhua and Deng, Robert Huijie and Xie, Bing and 
	Mei, Hong},
	booktitle={Proceedings of the 3rd ACM workshop on Scalable trusted 
	computing},
	pages={11--20},
	year={2008},
	organization={ACM}
}

@inproceedings{ba2017jmonatt,
	title={jMonAtt: Integrity Monitoring and Attestation of JVM-Based 
	Applications in Cloud Computing},
	author={Ba, Haihe and Zhou, Huaizhe and Bai, Shuai and Ren, Jiangchun and 
	Wang, Zhiying and Ci, Linlin},
	booktitle={Information Science and Control Engineering (ICISCE), 2017 4th 
	International Conference on},
	pages={419--423},
	year={2017},
	organization={IEEE}
}


@inproceedings{sailer2004design,
	title={Design and Implementation of a TCG-based Integrity Measurement 
	Architecture.},
	author={Sailer, Reiner and Zhang, Xiaolan and Jaeger, Trent and Van Doorn, 
	Leendert},
	booktitle={USENIX Security symposium},
	volume={13},
	pages={223--238},
	year={2004}
}

@inproceedings{ambrosin2016sana,
	title={SANA: secure and scalable aggregate network attestation},
	author={Ambrosin, Moreno and Conti, Mauro and Ibrahim, Ahmad and Neven, 
	Gregory and Sadeghi, Ahmad-Reza and Schunter, Matthias},
	booktitle={Proceedings of the 2016 ACM SIGSAC Conference on Computer and 
	Communications Security},
	pages={731--742},
	year={2016},
	organization={ACM}
}

@inproceedings{bailey2010trusted,
	title={Trusted virtual containers on demand},
	author={Bailey, Katelin A and Smith, Sean W},
	booktitle={Proceedings of the fifth ACM workshop on Scalable trusted 
	computing},
	pages={63--72},
	year={2010},
	organization={ACM}
}

@inproceedings{davi2009dynamic,
	title={Dynamic integrity measurement and attestation: towards defense 
	against return-oriented programming attacks},
	author={Davi, Lucas and Sadeghi, Ahmad-Reza and Winandy, Marcel},
	booktitle={Proceedings of the 2009 ACM workshop on Scalable trusted 
	computing},
	pages={49--54},
	year={2009},
	organization={ACM}
}



@inproceedings{kil2009remote,
	title={Remote attestation to dynamic system properties: Towards providing 
	complete system integrity evidence},
	author={Kil, Chongkyung and Sezer, Emre C and Azab, Ahmed M and Ning, Peng 
	and Zhang, Xiaolan},
	booktitle={Dependable Systems \& Networks, 2009. DSN'09. IEEE/IFIP 
	International Conference on},
	pages={115--124},
	year={2009},
	organization={IEEE}
}


@inproceedings{eldefrawy2012smart,
	title={SMART: Secure and Minimal Architecture for (Establishing Dynamic) 
	Root of Trust.},
	author={Eldefrawy, Karim and Tsudik, Gene and Francillon, Aur{\'e}lien and 
	Perito, Daniele},
	booktitle={NDSS},
	volume={12},
	pages={1--15},
	year={2012}
}

@inproceedings{dorjmyagmar2017security,
	title={Security Analysis of Samsung Knox},
	author={Dorjmyagmar, Munkhzorig and Kim, MinChang and Kim, Hyoungshick},
	booktitle={Advanced Communication Technology (ICACT), 2017 19th 
	International Conference on},
	pages={550--553},
	year={2017},
	organization={IEEE}
}

@inproceedings{asokan2015seda,
	title={Seda: Scalable embedded device attestation},
	author={Asokan, N and Brasser, Ferdinand and Ibrahim, Ahmad and Sadeghi, 
	Ahmad-Reza and Schunter, Matthias and Tsudik, Gene and Wachsmann, 
	Christian},
	booktitle={Proceedings of the 22nd ACM SIGSAC Conference on Computer and 
	Communications Security},
	pages={964--975},
	year={2015},
	organization={ACM}
}

@inproceedings{yuan2015hardware,
	title={Hardware-assisted fine-grained code-reuse attack detection},
	author={Yuan, Pinghai and Zeng, Qingkai and Ding, Xuhua},
	booktitle={International Workshop on Recent Advances in Intrusion 
	Detection},
	pages={66--85},
	year={2015},
	organization={Springer}
}

@inproceedings{van2015practical,
	title={Practical context-sensitive CFI},
	author={van der Veen, Victor and Andriesse, Dennis and G{\"o}kta{\c{s}}, 
	Enes and Gras, Ben and Sambuc, Lionel and Slowinska, Asia and Bos, Herbert 
	and Giuffrida, Cristiano},
	booktitle={Proceedings of the 22nd ACM SIGSAC Conference on Computer and 
	Communications Security},
	pages={927--940},
	year={2015},
	organization={ACM}
}

@inproceedings{gu2017pt,
	title={PT-CFI: Transparent backward-edge control flow violation detection 
	using intel processor trace},
	author={Gu, Yufei and Zhao, Qingchuan and Zhang, Yinqian and Lin, Zhiqiang},
	booktitle={Proceedings of the Seventh ACM on Conference on Data and 
	Application Security and Privacy},
	pages={173--184},
	year={2017},
	organization={ACM}
}

@techreport{fratric2012ropguard,
	title={ROPGuard: Runtime prevention of return-oriented programming attacks},
	author={Fratri{\'c}, Ivan},
	year={2012},
	institution={Technical report}
}

@Misc{cfguard,
	title = {Control-Flow Guard},
	year  = {2016},
	note  = {Last access May 2018},
	url   = 
	{https://msdn.microsoft.com/en-us/library/windows/desktop/mt637065(v=vs.85).aspx},
}

@Misc{nginx,
	title = {nginx},
	year  = {2004},
	note  = {Last access Math 2018},
	url   = {https://www.nginx.com/},
}

@Misc{apache2,
	title = {Apache2},
	year  = {1995},
	note  = {Last access May 2018},
	url   = {https://httpd.apache.org/},
}

@Misc{mariadb,
	title = {MariaDB},
	year  = {2013},
	note  = {Last access Math 2018},
	url   = {https://mariadb.org/},
}

@Misc{wrk,
	title = {wrk},
	year  = {2012},
	note  = {Last access May 2018},
	url   = {https://github.com/wg/wrk/},
}

@Misc{mysqlslap,
	title = {mysqlslap},
	year  = {2013},
	note  = {Last access May 2018},
	url   = {https://mariadb.com/kb/en/library/mysqlslap/}
}

@inproceedings{ginsbach2018automatic,
	title={Automatic Matching of Legacy Code to Heterogeneous APIs: An 
	Idiomatic Approach},
	author={Ginsbach, Philip and Remmelg, Toomas and Steuwer, Michel and Bodin, 
	Bruno and Dubach, Christophe and O'Boyle, Michael FP},
	booktitle={Proceedings of the Twenty-Third International Conference on 
	Architectural Support for Programming Languages and Operating Systems},
	pages={139--153},
	year={2018},
	organization={ACM}
}

@techreport{dworkin2015sha,
	title={SHA-3 standard: Permutation-based hash and extendable-output 
	functions},
	author={Dworkin, Morris J},
	year={2015}
}

@incollection{tomlinson2017introduction,
	title={Introduction to the TPM},
	author={Tomlinson, Allan},
	booktitle={Smart Cards, Tokens, Security and Applications},
	pages={173--191},
	year={2017},
	publisher={Springer}
}

@inproceedings{chen2015stackarmor,
	title={StackArmor: Comprehensive Protection From Stack-based Memory Error 
	Vulnerabilities for Binaries.},
	author={Chen, Xi and Slowinska, Asia and Andriesse, Dennis and Bos, Herbert 
	and Giuffrida, Cristiano},
	booktitle={NDSS},
	year={2015}
}

@article{8269390,
	title={Fine-CFI: Fine-Grained Control-Flow Integrity for Operating System 
	Kernels},
	author={Li, Jinku and Tong, Xiaomeng and Zhang, Fengwei and Ma, Jianfeng},
	journal={IEEE Transactions on Information Forensics and Security},
	volume={13},
	number={6},
	pages={1535--1550},
	year={2018},
	publisher={IEEE Press}
}

@inproceedings{carlini2015control,
	title={Control-Flow Bending: On the Effectiveness of Control-Flow 
	Integrity.},
	author={Carlini, Nicholas and Barresi, Antonio and Payer, Mathias and 
	Wagner, David and Gross, Thomas R},
	booktitle={USENIX Security Symposium},
	pages={161--176},
	year={2015}
}

@inproceedings{szekeres2013sok,
	title={Sok: Eternal war in memory},
	author={Szekeres, Laszlo and Payer, Mathias and Wei, Tao and Song, Dawn},
	booktitle={Security and Privacy (SP), 2013 IEEE Symposium on},
	pages={48--62},
	year={2013},
	organization={IEEE}
}

@article{burow2017control,
	title={Control-flow integrity: Precision, security, and performance},
	author={Burow, Nathan and Carr, Scott A and Nash, Joseph and Larsen, Per 
	and Franz, Michael and Brunthaler, Stefan and Payer, Mathias},
	journal={ACM Computing Surveys (CSUR)},
	volume={50},
	number={1},
	pages={16},
	year={2017},
	publisher={ACM}
}

@article{cohen1993operating,
	title={Operating system protection through program evolution.},
	author={Cohen, Frederick B},
	journal={Computers \& Security},
	volume={12},
	number={6},
	pages={565--584},
	year={1993}
}

@inproceedings{goktas2014out,
	title={Out of control: Overcoming control-flow integrity},
	author={G{\"o}ktas, Enes and Athanasopoulos, Elias and Bos, Herbert and 
	Portokalidis, Georgios},
	booktitle={Security and Privacy (SP), 2014 IEEE Symposium on},
	pages={575--589},
	year={2014},
	organization={IEEE}
}

@inproceedings{biondoback,
	title={Back To The Epilogue: Evading Control Flow Guard via Unaligned 
	Targets},
	author={Biondo, Andrea and Conti, Mauro and Lain, Daniele},
	booktitle={NDSS},
	year={2018},
}

@inproceedings{crane2015thwarting,
	title={Thwarting Cache Side-Channel Attacks Through Dynamic Software 
	Diversity.},
	author={Crane, Stephen and Homescu, Andrei and Brunthaler, Stefan and 
	Larsen, Per and Franz, Michael},
	booktitle={NDSS},
	pages={8--11},
	year={2015}
}

@inproceedings{shacham2007geometry,
	title={The geometry of innocent flesh on the bone: Return-into-libc without 
	function calls (on the x86)},
	author={Shacham, Hovav},
	booktitle={Proceedings of the 14th ACM conference on Computer and 
	communications security},
	pages={552--561},
	year={2007},
	organization={ACM}
}

@inproceedings{yao2013jop,
	title={Jop-alarm: Detecting jump-oriented programming-based anomalies in 
	applications},
	author={Yao, Fan and Chen, Jie and Venkataramani, Guru},
	booktitle={Computer Design (ICCD), 2013 IEEE 31st International Conference 
	on},
	pages={467--470},
	year={2013},
	organization={IEEE}
}

@inproceedings{bletsch2011jump,
	title={Jump-oriented programming: a new class of code-reuse attack},
	author={Bletsch, Tyler and Jiang, Xuxian and Freeh, Vince W and Liang, 
	Zhenkai},
	booktitle={Proceedings of the 6th ACM Symposium on Information, Computer 
	and Communications Security},
	pages={30--40},
	year={2011},
	organization={ACM}
}

@inproceedings{schuster2015counterfeit,
	title={Counterfeit object-oriented programming: On the difficulty of 
	preventing code reuse attacks in C++ applications},
	author={Schuster, Felix and Tendyck, Thomas and Liebchen, Christopher and 
	Davi, Lucas and Sadeghi, Ahmad-Reza and Holz, Thorsten},
	booktitle={Security and Privacy (SP), 2015 IEEE Symposium on},
	pages={745--762},
	year={2015},
	organization={IEEE}
}

@inproceedings{cousot1977abstract,
	title={Abstract interpretation: a unified lattice model for static analysis 
	of programs by construction or approximation of fixpoints},
	author={Cousot, Patrick and Cousot, Radhia},
	booktitle={Proceedings of the 4th ACM SIGACT-SIGPLAN symposium on 
	Principles of programming languages},
	pages={238--252},
	year={1977},
	organization={ACM}
}

@article{king1976symbolic,
	title={Symbolic execution and program testing},
	author={King, James C},
	journal={Communications of the ACM},
	volume={19},
	number={7},
	pages={385--394},
	year={1976},
	publisher={ACM}
}

@techreport{watson2018capability,
	title={Capability Hardware Enhanced RISC Instructions (CHERI): Notes on the 
	Meltdown and Spectre Attacks},
	author={Watson, Robert NM and Woodruff, Jonathan and Roe, Michael and 
	Moore, Simon W and Neumann, Peter G},
	year={2018},
	institution={University of Cambridge, Computer Laboratory}
}

@misc{stravers2013translation,
	title={Translation lookaside buffer},
	author={Stravers, Paulus and van de Waerdt, Jan-Willem},
	year={2013},
	month=dec # "~10",
	publisher={Google Patents},
	note={US Patent 8,607,026}
}

@inproceedings{vogl2014persistent,
	title={Persistent Data-only Malware: Function Hooks without Code.},
	author={Vogl, Sebastian and Pfoh, Jonas and Kittel, Thomas and Eckert, 
	Claudia},
	booktitle={NDSS},
	year={2014}
}

@inproceedings {184403,
	author = {Sebastian Vogl and Robert Gawlik and Behrad Garmany and Thomas 
	Kittel and Jonas Pfoh and Claudia Eckert and Thorsten Holz},
	title = {Dynamic Hooks: Hiding Control Flow Changes within Non-Control 
	Data},
	booktitle = {23rd {USENIX} Security Symposium ({USENIX} Security 14)},
	year = {2014},
	isbn = {978-1-931971-15-7},
	address = {San Diego, CA},
	pages = {813--328},
	url = 
	{https://www.usenix.org/conference/usenixsecurity14/technical-sessions/presentation/vogl},
	publisher = {{USENIX} Association},
}


@inproceedings{hu2016data,
	title={Data-oriented programming: On the expressiveness of non-control data 
	attacks},
	author={Hu, Hong and Shinde, Shweta and Adrian, Sendroiu and Chua, Zheng 
	Leong and Saxena, Prateek and Liang, Zhenkai},
	booktitle={Security and Privacy (SP), 2016 IEEE Symposium on},
	pages={969--986},
	year={2016},
	organization={IEEE}
}

@article{suganuma2000overview,
	title={Overview of the IBM Java just-in-time compiler},
	author={Suganuma, Toshio and Ogasawara, Takeshi and Takeuchi, Mikio and 
	Yasue, Toshiaki and Kawahito, Motohiro and Ishizaki, Kazuaki and Komatsu, 
	Hideaki and Nakatani, Toshio},
	journal={IBM systems Journal},
	volume={39},
	number={1},
	pages={175--193},
	year={2000},
	publisher={IBM}
}

@misc{pinzari2003introduction,
	title={Introduction to NX technology},
	author={Pinzari, Gian Filippo},
	year={2003},
	publisher={Technical report, Nomachine Inc}
}


@inproceedings{van2012memory,
	title={Memory errors: The past, the present, and the future},
	author={Van der Veen, Victor and Cavallaro, Lorenzo and Bos, Herbert and 
	others},
	booktitle={International Workshop on Recent Advances in Intrusion 
	Detection},
	pages={86--106},
	year={2012},
	organization={Springer}
}

@article{ramalingam1994undecidability,
	title={The undecidability of aliasing},
	author={Ramalingam, Ganesan},
	journal={ACM TOPLAS},
	volume={16},
	number={5},
	pages={1467--1471},
	year={1994},
	publisher={ACM}
}

@inproceedings{PracticalROP,
	title={Practical return-oriented programming},
	author={Dai Zovi, Dino},
	booktitle={SOURCE Boston},
	year={2010}
}

@inproceedings{cowan1998stackguard,
	title={Stackguard: Automatic adaptive detection and prevention of 
	buffer-overflow attacks.},
	author={Cowan, Crispan and Pu, Calton and Maier, Dave and Walpole, Jonathan 
	and Bakke, Peat and Beattie, Steve and Grier, Aaron and Wagle, Perry and 
	Zhang, Qian and Hinton, Heather},
	booktitle={USENIX Security Symposium},
	volume={98},
	pages={63--78},
	year={1998},
	organization={San Antonio, TX}
}

@inproceedings{Abadi:2005:CI:1102120.1102165,
	author = {Abadi, Mart\'{\i}n and Budiu, Mihai and Erlingsson, \'{U}lfar and 
	Ligatti, Jay},
	title = {Control-flow Integrity},
	booktitle = {Proceedings of the 12th ACM Conference on Computer and 
	Communications Security},
	series = {CCS '05},
	year = {2005},
	isbn = {1-59593-226-7},
	location = {Alexandria, VA, USA},
	pages = {340--353},
	numpages = {14},
	url = {http://doi.acm.org/10.1145/1102120.1102165},
	doi = {10.1145/1102120.1102165},
	acmid = {1102165},
	publisher = {ACM},
	address = {New York, NY, USA},
	keywords = {binary rewriting, control-flow graph, inlined reference 
	monitors, vulnerabilities},
}

@inproceedings {184481,
	author = {Lucas Davi and Ahmad-Reza Sadeghi and Daniel Lehmann and Fabian 
	Monrose},
	title = {Stitching the Gadgets: On the Ineffectiveness of Coarse-Grained 
	Control-Flow Integrity Protection},
	booktitle = {23rd {USENIX} Security Symposium ({USENIX} Security 14)},
	year = {2014},
	isbn = {978-1-931971-15-7},
	address = {San Diego, CA},
	pages = {401--416},
	url = 
	{https://www.usenix.org/conference/usenixsecurity14/technical-sessions/presentation/davi},
	publisher = {{USENIX} Association},
}

@inproceedings{Niu:2015:PCI:2810103.2813644,
	author = {Niu, Ben and Tan, Gang},
	title = {Per-Input Control-Flow Integrity},
	booktitle = {Proceedings of the 22Nd ACM SIGSAC Conference on Computer and 
	Communications Security},
	series = {CCS '15},
	year = {2015},
	isbn = {978-1-4503-3832-5},
	location = {Denver, Colorado, USA},
	pages = {914--926},
	numpages = {13},
	url = {http://doi.acm.org/10.1145/2810103.2813644},
	doi = {10.1145/2810103.2813644},
	acmid = {2813644},
	publisher = {ACM},
	address = {New York, NY, USA},
	keywords = {control-flow integrity, dynamic CFI},
}

@inproceedings{evans2015control,
	title={Control jujutsu: On the weaknesses of fine-grained control flow 
	integrity},
	author={Evans, Isaac and Long, Fan and Otgonbaatar, Ulziibayar and Shrobe, 
	Howard and Rinard, Martin and Okhravi, Hamed and Sidiroglou-Douskos, 
	Stelios},
	booktitle={Proceedings of the 22nd ACM SIGSAC Conference on Computer and 
	Communications Security},
	pages={901--913},
	year={2015},
	organization={ACM}
}

@ARTICLE{7778160,
	author={E. M. Rudd and A. Rozsa and M. Günther and T. E. Boult},
	journal={IEEE Communications Surveys Tutorials},
	title={A Survey of Stealth Malware Attacks, Mitigation Measures, and Steps 
	Toward Autonomous Open World Solutions},
	year={2017},
	volume={19},
	number={2},
	pages={1145-1172},
	keywords={invasive software;learning (artificial intelligence);antimalware 
	solutions;autonomous open world solutions;closed world 
	assumption;formalized adaptive open world framework;high-impact zero-day 
	attack;machine learning;malicious stealth technologies;stealth malware 
	attacks;stealth malware recognition problem;Command and control 
	systems;Intrusion detection;Machine learning algorithms;Malware;Operating 
	systems;Tutorials;Stealth;anomaly detection;extreme value theory;intrusion 
	detection;machine learning;malware;novelty detection;open set;outlier 
	detection;recognition;rootkits},
	doi={10.1109/COMST.2016.2636078},
	ISSN={},
	month={Secondquarter},}

@inproceedings{gange2016abstract,
	title={An abstract domain of uninterpreted functions},
	author={Gange, Graeme and Navas, Jorge A and Schachte, Peter and 
	S{\o}ndergaard, Harald and Stuckey, Peter J},
	booktitle={International Conference on Verification, Model Checking, and 
	Abstract Interpretation},
	pages={85--103},
	year={2016},
	organization={Springer}
}

@inproceedings{lattner2004llvm,
	title={LLVM: A compilation framework for lifelong program analysis \& 
	transformation},
	author={Lattner, Chris and Adve, Vikram},
	booktitle={Proceedings of the international symposium on Code generation 
	and optimization: feedback-directed and runtime optimization},
	pages={75},
	year={2004},
	organization={IEEE Computer Society}
}

@article{aberadiat,
	author    = {Tigist Abera and Raad Bahmani and Ferdinand Brasser and 	
	Ahmad Ibrahim and Ahmad{-}Reza Sadeghi and Matthias Schunter},
	title     = {{DIAT:} Data Integrity Attestation for Resilient Collaboration 
	of Autonomous Systems},
	booktitle = {26th Annual Network and Distributed System Security Symposium, 
	{NDSS} 2019, San Diego, California, USA, February 24-27, 2019},
	publisher = {The Internet Society},
	year      = {2019},
	url       = 
	{https://www.ndss-symposium.org/ndss-paper/diat-data-integrity-attestation-for-resilient-collaboration-of-autonomous-systems/},
	timestamp = {Mon, 01 Feb 2021 08:42:25 +0100},
	biburl    = {https://dblp.org/rec/conf/ndss/AberaBB0SS19.bib},
	bibsource = {dblp computer science bibliography, https://dblp.org}
}

@inproceedings{Hu:2018:EUC:3243734.3243797,
	author = {Hu, Hong and Qian, Chenxiong and Yagemann, Carter and Chung, 
	Simon Pak Ho and Harris, William R. and Kim, Taesoo and Lee, Wenke},
	title = {Enforcing Unique Code Target Property for Control-Flow Integrity},
	booktitle = {Proceedings of the 2018 ACM SIGSAC Conference on Computer and 
	Communications Security},
	series = {CCS '18},
	year = {2018},
	isbn = {978-1-4503-5693-0},
	location = {Toronto, Canada},
	pages = {1470--1486},
	numpages = {17},
	url = {http://doi.acm.org/10.1145/3243734.3243797},
	doi = {10.1145/3243734.3243797},
	acmid = {3243797},
	publisher = {ACM},
	address = {New York, NY, USA},
	keywords = {Intel PT, control-flow integrity, performance, unique code 
	target},
}


@InProceedings{10.1007/978-3-319-93638-3_45,
	author="Barbar, Mohamad
	and Sui, Yulei
	and Zhang, Hongyu
	and Chen, Shiping
	and Xue, Jingling",
	editor="Susilo, Willy
	and Yang, Guomin",
	title="Live Path CFI Against Control Flow Hijacking Attacks",
	booktitle="Information Security and Privacy",
	year="2018",
	publisher="Springer International Publishing",
	address="Cham",
	pages="768--779",
	isbn="978-3-319-93638-3"
}

@inproceedings{Liu:2018:RED:3243734.3243826,
	author = {Liu, Daiping and Zhang, Mingwei and Wang, Haining},
	title = {A Robust and Efficient Defense Against Use-after-Free Exploits via 
	Concurrent Pointer Sweeping},
	booktitle = {Proceedings of the 2018 ACM SIGSAC Conference on Computer and 
	Communications Security},
	series = {CCS '18},
	year = {2018},
	isbn = {978-1-4503-5693-0},
	location = {Toronto, Canada},
	pages = {1635--1648},
	numpages = {14},
	url = {http://doi.acm.org/10.1145/3243734.3243826},
	doi = {10.1145/3243734.3243826},
	acmid = {3243826},
	publisher = {ACM},
	address = {New York, NY, USA},
	keywords = {software security, use-after-free, vulnerability defense},
}

@inproceedings{Ding:2017:EPP:3241189.3241201,
	author = {Ding, Ren and Qian, Chenxiong and Song, Chengyu and Harris, 
	William and Kim, Taesoo and Lee, Wenke},
	title = {Efficient Protection of Path-sensitive Control Security},
	booktitle = {Proceedings of the 26th USENIX Conference on Security 
	Symposium},
	series = {SEC'17},
	year = {2017},
	isbn = {978-1-931971-40-9},
	location = {Vancouver, BC, Canada},
	pages = {131--148},
	numpages = {18},
	url = {http://dl.acm.org/citation.cfm?id=3241189.3241201},
	acmid = {3241201},
	publisher = {USENIX Association},
	address = {Berkeley, CA, USA},
}

@inproceedings{Dessouky:2018:LLH:3240765.3240821,
	author = {Dessouky, Ghada and Abera, Tigist and Ibrahim, Ahmad and Sadeghi, 
	Ahmad-Reza},
	title = {LiteHAX: Lightweight Hardware-assisted Attestation of Program 
	Execution},
	booktitle = {Proceedings of the International Conference on Computer-Aided 
	Design},
	series = {ICCAD '18},
	year = {2018},
	isbn = {978-1-4503-5950-4},
	location = {San Diego, California},
	pages = {106:1--106:8},
	articleno = {106},
	numpages = {8},
	url = {http://doi.acm.org/10.1145/3240765.3240821},
	doi = {10.1145/3240765.3240821},
	acmid = {3240821},
	publisher = {ACM},
	address = {New York, NY, USA},
}

@misc{mcsema,
	title = {McSema},
	year  = {2014},
	note  = {Last access Feb 2019},
	url   = {https://github.com/trailofbits/mcsema}
}


@Comment{jabref-meta: databaseType:bibtex;}

@misc{zip,
	title = {ZLib},
	year  = {2017},
	note  = {Last access March 2019},
	url   = {http://www.zlib.net/}
}

@article{lzma,
	title={Hardware implementation of LZMA data compression algorithm},
	author={Leavline, E Jebamalar and Singh, DAAG},
	journal={International Journal of Applied Information Systems (IJAIS)},
	volume={5},
	number={4},
	pages={51--56},
	year={2013}
}


@misc{bz2,
	title = {Bzip2},
	year  = {2002},
	note  = {Last access March 2019},
	url   = {http://www.sourceware.org/bzip2/}
}

@misc{zstandard,
	title = {Zstandard},
	year  = {2016},
	note  = {Last access March 2019},
	url   = {https://facebook.github.io/zstd/}
}
@misc{blake2,
	title = {BLAKE2},
	year  = {2013},
	note  = {Last access March 2019},
	url   = {https://github.com/BLAKE2/BLAKE2}
}

@misc{aws,
	title = {Amazon Web Services (AWS)},
	year  = {2006},
	note  = {Last access March 2019},
	url   = {https://aws.amazon.com/}
}

@misc{azure,
	title = {Microsoft Azure},
	year  = {2010},
	note  = {Last access March 2019},
	url   = {https://azure.microsoft.com/en-us/}
}

@article{bellare2000security,
	title={The security of the cipher block chaining message authentication 
	code},
	author={Bellare, Mihir and Kilian, Joe and Rogaway, Phillip},
	journal={Journal of Computer and System Sciences},
	volume={61},
	number={3},
	pages={362--399},
	year={2000},
	publisher={Elsevier}
}

@inproceedings{haldar2004semantic,
	title={Semantic remote attestation: a virtual machine directed approach to 
	trusted computing},
	author={Haldar, Vivek and Chandra, Deepak and Franz, Michael},
	booktitle={USENIX Virtual Machine Research and Technology Symposium},
	volume={2004},
	year={2004}
}

